<?xml version="1.0" encoding="UTF-8"?><collection xmlns="http://www.loc.gov/MARC21/slim"><record><leader>00594nam--2200193-i-4500</leader><controlfield tag="001">000025286</controlfield><controlfield tag="002">20161230</controlfield><controlfield tag="005">20161230201035</controlfield><controlfield tag="008">060222s1000------------r-----000-0-eng-d</controlfield><datafield ind1=" " ind2=" " tag="040"><subfield code="a">IFIN-HH</subfield></datafield><datafield ind1=" " ind2=" " tag="080"><subfield code="a">531(061.3):53.02(061.3)</subfield></datafield><datafield ind1="1" ind2=" " tag="100"><subfield code="a">Leipholz, H</subfield></datafield><datafield ind1="1" ind2="0" tag="245"><subfield code="a">Instability of continuous systems</subfield><subfield code="b">Symposium herrenalb (germany) septembr 8-12, 1969</subfield><subfield code="c">H. Leipholz (Ed.)</subfield></datafield><datafield ind1=" " ind2=" " tag="260"><subfield code="a">Berlin, Springer-verlag, 1971</subfield></datafield><datafield ind1=" " ind2=" " tag="300"><subfield code="a">422 p</subfield></datafield><datafield ind1=" " ind2=" " tag="490"><subfield code="a">International Union Of Theoretical And Applied Mechanics</subfield></datafield><datafield ind1=" " ind2=" " tag="700"><subfield code="a">H.Leipholz</subfield></datafield><datafield ind1=" " ind2=" " tag="852"><subfield code="a">42183</subfield><subfield code="c">531</subfield></datafield><datafield ind1=" " ind2=" " tag="CAT"><subfield code="a">Sys</subfield><subfield code="c">20100624</subfield><subfield code="h">144636</subfield></datafield></record></collection>